<collection xmlns="http://www.loc.gov/MARC21/slim">
<record>
  <leader>01377nam0a22002771i 450 </leader>
  <controlfield tag="001">IT\ICCU\CNCE\071099</controlfield>
  <controlfield tag="005">20100108000000.0</controlfield>
  <datafield tag="012" ind1=" " ind2=" ">
    <subfield code="a">rade iare naso chco (C) 1535 (R)</subfield>
    <subfield code="2">fei</subfield>
  </datafield>
  <datafield tag="100" ind1=" " ind2=" ">
    <subfield code="a">20070618d1535        0itac0103    ba</subfield>
  </datafield>
  <datafield tag="101" ind1=" " ind2=" ">
    <subfield code="a">ITA</subfield>
  </datafield>
  <datafield tag="102" ind1=" " ind2=" ">
    <subfield code="a">IT</subfield>
  </datafield>
  <datafield tag="200" ind1="1" ind2=" ">
    <subfield code="a">Opera nuoua piaceuole, &amp; da ridere di vno villano lauoratore nomato Grillo, elqual volse diuentar medico, in rima historiata con piu stantie nouamente agionte</subfield>
  </datafield>
  <datafield tag="210" ind1=" " ind2=" ">
    <subfield code="d">1535</subfield>
    <subfield code="e">Stampata nella inclita citta di Vineggia</subfield>
    <subfield code="g">per Aluise Torti</subfield>
    <subfield code="h">1535 nel mese de ottobrio</subfield>
  </datafield>
  <datafield tag="215" ind1=" " ind2=" ">
    <subfield code="a">\24! c.</subfield>
    <subfield code="c">ill.</subfield>
    <subfield code="d">8ʻ</subfield>
  </datafield>
  <datafield tag="620" ind1=" " ind2=" ">
    <subfield code="a">IT</subfield>
    <subfield code="d">Venezia</subfield>
  </datafield>
  <datafield tag="700" ind1=" " ind2="0">
    <subfield code="a">Pierfrancesco</subfield>
    <subfield code="c"> : da#Camerino</subfield>
    <subfield code="3">IT\ICCU\CNCA\008938</subfield>
  </datafield>
  <datafield tag="712" ind1="0" ind2="0">
    <subfield code="a">Torti, Luigi</subfield>
    <subfield code="3">IT\ICCU\CNCT\000102</subfield>
    <subfield code="4">650</subfield>
  </datafield>
  <datafield tag="790" ind1=" " ind2="1">
    <subfield code="a">Camerino,</subfield>
    <subfield code="b">Conte : de</subfield>
    <subfield code="3">IT\ICCU\CNCA\008940</subfield>
    <subfield code="z">Pierfrancesco : da#Camerino</subfield>
  </datafield>
  <datafield tag="790" ind1=" " ind2="1">
    <subfield code="a">Camerino,</subfield>
    <subfield code="b">Pier Francesco</subfield>
    <subfield code="3">IT\ICCU\CNCA\008941</subfield>
    <subfield code="z">Pierfrancesco : da#Camerino</subfield>
  </datafield>
  <datafield tag="790" ind1=" " ind2="0">
    <subfield code="a">Pierfrancesco</subfield>
    <subfield code="c"> : di#Camerino</subfield>
    <subfield code="3">IT\ICCU\CNCA\022185</subfield>
    <subfield code="z">Pierfrancesco : da#Camerino</subfield>
  </datafield>
  <datafield tag="790" ind1=" " ind2="0">
    <subfield code="a">Conte de conti</subfield>
    <subfield code="c"> : da#Camerino</subfield>
    <subfield code="3">IT\ICCU\CNCA\025271</subfield>
    <subfield code="z">Pierfrancesco : da#Camerino</subfield>
  </datafield>
  <datafield tag="791" ind1="0" ind2="0">
    <subfield code="a">De_Tortis, Alvise</subfield>
    <subfield code="3">IT\ICCU\CNCT\004134</subfield>
    <subfield code="z">Torti, Luigi</subfield>
  </datafield>
  <datafield tag="791" ind1="0" ind2="0">
    <subfield code="a">Torto, Alvise</subfield>
    <subfield code="3">IT\ICCU\CNCT\005593</subfield>
    <subfield code="z">Torti, Luigi</subfield>
  </datafield>
  <datafield tag="791" ind1="0" ind2="0">
    <subfield code="a">Tortis, Aluvixio de</subfield>
    <subfield code="3">IT\ICCU\CNCT\005594</subfield>
    <subfield code="z">Torti, Luigi</subfield>
  </datafield>
  <datafield tag="801" ind1=" " ind2="3">
    <subfield code="a">IT</subfield>
    <subfield code="b">ICCU</subfield>
    <subfield code="c">20201115</subfield>
  </datafield>
  <datafield tag="899" ind1=" " ind2=" ">
    <subfield code="a">Biblioteca Riccardiana. Firenze</subfield>
    <subfield code="1">FI0094</subfield>
    <subfield code="2">CFI RF</subfield>
  </datafield>
</record>
</collection>
